@Article{beispiel1,
  Title                    = {Beispieltitel},
  Author                   = {Beispielauthor},
  Year                     = {20xx},
  Doi                      = {},
}

@Article{beispiel2,
  Title                    = {Beispieltitel},
  Author                   = {Beispielauthor},
  Year                     = {20xx},
  Doi                      = {},
}



